<?xml version="1.0" encoding="UTF-8"?><collection xmlns="http://www.loc.gov/MARC21/slim"><record><leader>00410nam--2200133-i-4500</leader><controlfield tag="001">000002013</controlfield><controlfield tag="002">20161230</controlfield><controlfield tag="005">20161230201024</controlfield><controlfield tag="008">060222s1000------------r-----000-0-eng-d</controlfield><datafield ind1=" " ind2=" " tag="080"><subfield code="a">621.039(038)=002=20=30:801.323.2=20=30</subfield></datafield><datafield ind1=" " ind2=" " tag="100"><subfield code="a">Franzen, L.F., Hardt,L., Muszynski, G</subfield></datafield><datafield ind1=" " ind2=" " tag="245"><subfield code="a">Worterbuch der kernenergie.english-deutsch. bearbeitet von ..</subfield></datafield><datafield ind1=" " ind2=" " tag="260"><subfield code="a">Dusseldorf, Vdi-verlag, 1957. 240 P</subfield></datafield><datafield ind1=" " ind2=" " tag="852"><subfield code="a">D.116</subfield></datafield></record></collection>